@book{Floyd,
  title={Introduction to algorithms},
  author={Cormen, Thomas H and Leiserson, Charles E and Rivest,
  Ronald L and Stein, Clifford},
  year={2009},
  publisher={MIT press},
  note={See in particular Section 26.2, "The Floyd–Warshall algorithm",
  pp. 558–565 and Section 26.4, "A general framework for solving path
  problems in directed graphs", pp. 570–576.}
}
@book{Kleene,
  title={Handbook of Graph Theory (Discrete Mathematics and Its Applications)},
  author={Yellen, Jay and Gross, Jonathan L},
  year={2003},
  publisher={CRC press},
  note={sect.2.1, remark R13 on p.65}
}
@article{DFA,
  title={Introduction to automata theory, languages, and computation},
  author={Hopcroft, John E and Motwani, Rajeev and Ullman, Jeffrey D},
  journal={Acm Sigact News},
  volume={32},
  number={1},
  pages={60--65},
  year={2001},
  publisher={ACM}
}
@article{RE,
  title={Chapter 1: Regular Languages},
  author={Sipser, Michael},
  journal={Introduction to the Theory of Computation},
  pages={31--90},
  year={1998}
}
@book{NFA,
  title={Introduction to Languages and the Theory of Computation},
  author={Martin, John C},
  volume={4},
  year={1991},
  publisher={McGraw-Hill NY, USA},
  note={p. 108.}
}
@article{PFA,
  title={Finite automata and their decision problems},
  author={Rabin, Michael O and Scott, Dana},
  journal={IBM journal of research and development},
  volume={3},
  number={2},
  pages={114--125},
  year={1959},
  publisher={IBM}
}
@article{thompson2000regular,
  title={Regular expressions and automata using Haskell},
  author={Thompson, Simon},
  year={2000},
  publisher={Citeseer},
  note = {\url{http://cs.nyu.edu/totok/professional/software/tpcw/tpcw.html}}
}
@misc{REtoNFA_YT,
  title={Regular Expression to NFA},
  author={Barry Brown},
  year={2011},
  note={\url{https://www.youtube.com/watch?v=RYNN-tb9WxI}}
}
@misc{Replace,
  title={Replacing items in a list},
  author={Michael Shaw},
  year={2018},
  note={\url{https://codereview.stackexchange.com/questions/85703/replacing-items-in-a-list}}
}
@book{lipovaca2011learn,
  title={Learn you a haskell for great good!: a beginner's guide},
  author={Lipovaca, Miran},
  year={2011},
  publisher={no starch press},
  note={ISBN-13: 978-1-59327-283-8}
}

@book{aho2003compilers,
  title={Compilers: principles, techniques and tools (for Anna University), 2/e},
  author={Aho, Alfred V},
  year={2003},
  publisher={Pearson Education India}
}
